@article{OldfordR.J.MacKay2000,
abstract = {What is “statistical method”? Is it the same as “scientific method”? This paper answers the first question by specifying the elements and procedures common to all statistical investigations and organizing these into a single structure. This structure is illustrated by careful examination of the first scientific study on the speed of light carried out by A. A. Michelson in 1879. Our answer to the second question is negative. To understand this a history on the speed of light up to the time of Michelson's study is presented. The larger history and the details of a single study allow us to place the method of statistics within the larger context of science. {\textcopyright} 2000 Institute of Mathematical Statistics.},
author = {MacKay, R. J. and Oldford, R. W.},
doi = {10.1214/ss/1009212817},
issn = {08834237},
journal = {Statistical Science},
keywords = {History of science,Philosophy of science,Scientific method,Speed of light,Statistical method},
number = {3},
pages = {254--278},
title = {{Scientific method, statistical method and the speed of light}},
url = {https://www.jstor.org/stable/2676665?origin=JSTOR-pdf{\&}seq=1},
volume = {15},
year = {2000}
}
@misc{CBS2020b,
author = {{Minister Wonen en Rijksdienst}},
pages = {71},
title = {{Staat van de woningmarkt 2016}},
url = {https://www.rijksoverheid.nl/binaries/rijksoverheid/documenten/rapporten/2016/10/31/rapport-staat-van-de-woningmarkt-2016/rapport-staat-van-de-woningmarkt-2016.pdf},
year = {2016}
}
@book{Hyndman2018,
author = {Hyndman, Rob J and Athanasopoulos, George},
title = {{Forecasting: Principles and Practice}},
url = {https://otexts.com/fpp2/},
year = {2018}
}
@article{KennethGopalGerardvanLeeuwenDavidOmtzigt2019,
archivePrefix = {arXiv},
arxivId = {rr2019-0054LG | 18278-WON},
author = {{Kenneth Gopal, Gerard van Leeuwen, David Omtzigt}, Tom Kleinepier en Michael and Stuart-Fox},
eprint = {rr2019-0054LG | 18278-WON},
title = {{Socrates - Scenarioverkenningen van de woningmarkt in 2030}},
url = {https://www.rijksoverheid.nl/documenten/rapporten/2019/05/29/socrates-2019---scenarioverkenningen-van-de-woningmarkt-in-2030},
year = {2019}
}
@article{Research2020,
author = {Research, Abf},
title = {{Primos - Bevolkingsprognose, Rapportage Primos}},
url = {https://www.abfresearch.nl/producten/prognoses/primos-bevolkingsprognose/},
year = {2020}
}
@article{Vogt2018,
author = {Vogt, Benedikt and Kalara, Natasha and Voogt, Bart},
title = {{How do the Dutch Finance their Own House?}},
url = {https://www.cpb.nl/sites/default/files/omnidownload/CPB-Background-Document-June2018-How-do-the-dutch-finance-their-own-house.pdf},
year = {2018}
}
@article{KennethGopalGerardvanLeeuwenDavidOmtzigt2020,
author = {{Kenneth Gopal, Gerard van Leeuwen, David Omtzigt}, Tom Kleinepier en Michael Stuart-Fox},
title = {{Prognose woningmarktmodel Socrates}},
url = {https://www.abfresearch.nl/publicaties/rapportage-socrates-2019/},
year = {2020}
}
@article{LeonGroenemeijerKennethGopal2020,
archivePrefix = {arXiv},
arxivId = {r2020-0060LG | 20200-WON},
author = {{L{\'{e}}on Groenemeijer, Kenneth Gopal}, David Omtzigt {\&} Gerard van Leeuwen},
eprint = {r2020-0060LG | 20200-WON},
title = {{Vooruitzichten bevolking, huishoudens en woningmarkt, Prognose en Scenario's 2020-2035}},
url = {https://www.rijksoverheid.nl/documenten/rapporten/2020/06/12/vooruitzichten-bevolking-huishoudens-en-woningmarkt-prognose-en-scenarios-2020-2035},
year = {2020}
}
@misc{MinisterievanBinnenlandseZakenenKoninkrijksrelaties2021,
author = {{Ministerie van Binnenlandse Zaken en Koninkrijksrelaties}},
title = {{Datawonen}},
url = {https://datawonen.nl/dashboard/dashboard/koopprijs},
year = {2021}
}
@article{CBS2020,
author = {CBS},
title = {{Monitor koopwoningmarkt}},
url = {https://www.cbs.nl/nl-nl/visualisaties/monitor-koopwoningmarkt},
year = {2020}
}
@techreport{Groot2018,
abstract = {In dit achtergronddocument bij de Risicorapportage financi{\"{e}}le markten 2018 gaan we nader in op recente ontwikkelingen op de Nederlandse woningmarkt. Speciale aandacht gaat uit naar de factoren die huizenprijzen op de korte en lange termijn verklaren en naar de vraag of oververhitting en bubbels wel vooraf te meten en te bepalen zijn. Hierbij wordt een groot aantal indicatoren behandeld. Het blijkt dat vooral bubbelvorming lastig te meten is. Als in een bepaalde markt sprake lijkt te zijn van een bubbel, is het bovendien niet goed mogelijk om te voorspellen wanneer de markt omslaat. Doel van de studie is niet om alle indicatoren die worden besproken toe te passen op de Nederlandse woningmarkt. Wel wordt de situatie van de Nederlandse woningmarkt besproken aan de hand van een selectie van indicatoren},
author = {Groot, Stefan and Vogt, Benedikt and {Van der Wiel}, Karen and {Van Dijk}, Machiel},
booktitle = {CPB Achtergronddocument},
title = {{Oververhitting op de Nederlandse huizenmarkt?}},
url = {https://www.cpb.nl/publicatie/oververhitting-op-de-nederlandse-huizenmarkt/CPB-Achtergronddocument-1jun2018-Oververhitting-op-de-nederlandse-huizenmarkt.pdf},
year = {2018}
}
@article{CBS2020a,
author = {CBS},
title = {{Huizenmarkt in beeld}},
url = {https://www.cbs.nl/nl-nl/visualisaties/huizenmarkt-in-beeld},
year = {2020}
}
@article{CBS2016,
author = {CBS},
title = {{Indicatoren woningmarkt op groen}},
url = {https://www.cbs.nl/nl-nl/achtergrond/2016/16/indicatoren-woningmarkt-op-groen},
year = {2016}
}
@book{Foreman2014,
author = {Foreman, John W.},
isbn = {978-1-118-66146-8},
publisher = {John Wiley {\&} sons, Inc.},
title = {{Data Smart, Using Data Science to Transform Information into Insight}},
year = {2014}
}
